<record><leader>00000cas a22000007a 4500</leader><controlfield tag="001">16071962</controlfield><controlfield tag="008">870625d187u1879iauwr ne      0    0eng d</controlfield><datafield ind1=" " ind2=" " tag="010"><subfield code="a">sn 87058383 </subfield></datafield><datafield ind1=" " ind2=" " tag="040"><subfield code="a">INP</subfield><subfield code="b">eng</subfield><subfield code="c">INP</subfield><subfield code="d">OCLCQ</subfield></datafield><datafield ind1=" " ind2=" " tag="042"><subfield code="a">msc</subfield></datafield><datafield ind1="0" ind2="4" tag="245"><subfield code="a">The Peoples paper and alliance.</subfield></datafield><datafield ind1="3" ind2="0" tag="246"><subfield code="a">P.P. and alliance</subfield></datafield><datafield ind1="1" ind2="3" tag="246"><subfield code="a">P.P. &amp; alliance</subfield></datafield><datafield ind1=" " ind2=" " tag="260"><subfield code="a">Clermont, Oelwein &amp; West Union, Iowa :</subfield><subfield code="b">Clermont Print. Co.</subfield></datafield><datafield ind1=" " ind2=" " tag="300"><subfield code="a">v.</subfield></datafield><datafield ind1=" " ind2=" " tag="310"><subfield code="a">Weekly</subfield></datafield><datafield ind1="1" ind2=" " tag="362"><subfield code="a">Ceased in 1879.</subfield></datafield><datafield ind1=" " ind2=" " tag="500"><subfield code="a">Published simultaneously at Clermont, Oelwein and West Union, Iowa, &lt;Jan. 17-Apr. 11, 1878&gt;; at Clermont, Oelwein and Independence, Iowa, &lt;Oct. 3, 1878&gt;.</subfield></datafield><datafield ind1=" " ind2=" " tag="515"><subfield code="a">Issues for &lt;Jan. 17, 1878&gt; called also whole no. &lt;405&gt;.</subfield></datafield><datafield ind1=" " ind2=" " tag="588"><subfield code="a">Description based on: Vol. 8, no. 41 (Jan. 17, 1878).</subfield></datafield><datafield ind1=" " ind2=" " tag="752"><subfield code="a">United States</subfield><subfield code="b">Iowa</subfield><subfield code="c">Fayette</subfield><subfield code="d">Clermont.</subfield></datafield><datafield ind1=" " ind2=" " tag="752"><subfield code="a">United States</subfield><subfield code="b">Iowa</subfield><subfield code="c">Fayette</subfield><subfield code="d">Oelwein.</subfield></datafield><datafield ind1=" " ind2=" " tag="752"><subfield code="a">United States</subfield><subfield code="b">Iowa</subfield><subfield code="c">Fayette</subfield><subfield code="d">West Union.</subfield></datafield><datafield ind1=" " ind2=" " tag="752"><subfield code="a">United States</subfield><subfield code="b">Iowa</subfield><subfield code="c">Buchanan</subfield><subfield code="d">Independence.</subfield></datafield><datafield ind1="0" ind2="0" tag="780"><subfield code="t">Peoples paper and Clermont &amp; Oelwein alliance</subfield><subfield code="w">(DLC)sn 87058382</subfield></datafield><datafield ind1="0" ind2="0" tag="785"><subfield code="t">Iowa state express</subfield><subfield code="w">(DLC)sn 87057209</subfield></datafield></record>